<record><leader>00000cas a22000007a 4500</leader><controlfield tag="001">18808833</controlfield><controlfield tag="008">881129d19261930nduwr ne      0    0eng d</controlfield><datafield ind1=" " ind2=" " tag="010"><subfield code="a">sn 88076416 </subfield></datafield><datafield ind1=" " ind2=" " tag="040"><subfield code="a">NOP</subfield><subfield code="b">eng</subfield><subfield code="c">NOP</subfield><subfield code="d">OCLCQ</subfield></datafield><datafield ind1=" " ind2=" " tag="042"><subfield code="a">msc</subfield></datafield><datafield ind1="0" ind2=" " tag="130"><subfield code="a">Walsh County press (Park River, N.D. : 1926)</subfield></datafield><datafield ind1="1" ind2="0" tag="245"><subfield code="a">Walsh County press.</subfield></datafield><datafield ind1=" " ind2=" " tag="260"><subfield code="a">Park River, Walsh County, N.D. :</subfield><subfield code="b">Walsh County Farmers Press</subfield></datafield><datafield ind1=" " ind2=" " tag="300"><subfield code="a">5 v. :</subfield><subfield code="b">ill. ;</subfield><subfield code="c">56 cm.</subfield></datafield><datafield ind1=" " ind2=" " tag="310"><subfield code="a">Weekly</subfield></datafield><datafield ind1="0" ind2=" " tag="362"><subfield code="a">Vol. 44, no. 6 (May 27, 1926)-v.48, no. 8 (June 5, 1930).</subfield></datafield><datafield ind1=" " ind2=" " tag="530"><subfield code="a">Available on microfilm from the State Historical Society of North Dakota.</subfield></datafield><datafield ind1=" " ind2=" " tag="752"><subfield code="a">United States</subfield><subfield code="b">North Dakota</subfield><subfield code="c">Walsh</subfield><subfield code="d">Park River.</subfield></datafield><datafield ind1="0" ind2="0" tag="780"><subfield code="t">Walsh County farmers press</subfield><subfield code="w">(DLC)sn 88076415</subfield></datafield><datafield ind1="0" ind2="7" tag="785"><subfield code="t">Walsh County independent</subfield></datafield><datafield ind1="0" ind2="7" tag="785"><subfield code="t">Walsh County press and Walsh County independent</subfield><subfield code="w">(DLC)sn 88076417</subfield></datafield></record>